<record><leader>00000cas a22000007a 4500</leader><controlfield tag="001">40398845</controlfield><controlfield tag="008">981125d193u194utnuwr ne      0    0eng d</controlfield><datafield ind1=" " ind2=" " tag="010"><subfield code="a">sn 98069907 </subfield></datafield><datafield ind1=" " ind2=" " tag="040"><subfield code="a">TGN</subfield><subfield code="b">eng</subfield><subfield code="c">TGN</subfield><subfield code="d">OCLCQ</subfield><subfield code="d">OCLCF</subfield><subfield code="d">OCLCO</subfield></datafield><datafield ind1="1" ind2=" " tag="029"><subfield code="a">AU@</subfield><subfield code="b">000014356033</subfield></datafield><datafield ind1=" " ind2=" " tag="042"><subfield code="a">msc</subfield></datafield><datafield ind1=" " ind2=" " tag="043"><subfield code="a">n-us-tn</subfield></datafield><datafield ind1="0" ind2="0" tag="245"><subfield code="a">Hickman County news-herald.</subfield></datafield><datafield ind1=" " ind2=" " tag="260"><subfield code="a">Centerville, Tenn. :</subfield><subfield code="b">Loyal Yates</subfield></datafield><datafield ind1=" " ind2=" " tag="300"><subfield code="a">v.</subfield></datafield><datafield ind1=" " ind2=" " tag="310"><subfield code="a">Weekly</subfield></datafield><datafield ind1=" " ind2=" " tag="580"><subfield code="a">Formed by the union of: Hickman County news (Centerville, Tenn.), and: Hickman County herald.</subfield></datafield><datafield ind1=" " ind2=" " tag="588"><subfield code="a">Description based on: Vol. 59, no. 47 (Apr. 1, 1937).</subfield></datafield><datafield ind1=" " ind2="0" tag="651"><subfield code="a">Centerville (Tenn.)</subfield><subfield code="v">Newspapers.</subfield></datafield><datafield ind1=" " ind2="0" tag="651"><subfield code="a">Hickman County (Tenn.)</subfield><subfield code="v">Newspapers.</subfield></datafield><datafield ind1=" " ind2="7" tag="655"><subfield code="a">Newspapers.</subfield><subfield code="2">fast</subfield><subfield code="0">(OCoLC)fst01423814</subfield></datafield><datafield ind1=" " ind2="7" tag="651"><subfield code="a">Tennessee</subfield><subfield code="z">Centerville.</subfield><subfield code="2">fast</subfield><subfield code="0">(OCoLC)fst01227044</subfield></datafield><datafield ind1=" " ind2="7" tag="651"><subfield code="a">Tennessee</subfield><subfield code="z">Hickman County.</subfield><subfield code="2">fast</subfield><subfield code="0">(OCoLC)fst01224640</subfield></datafield><datafield ind1=" " ind2=" " tag="752"><subfield code="a">United States</subfield><subfield code="b">Tennessee</subfield><subfield code="c">Hickman</subfield><subfield code="d">Centerville.</subfield></datafield><datafield ind1="1" ind2="4" tag="780"><subfield code="t">Hickman County news (Centerville, Tenn.)</subfield><subfield code="w">(DLC)sn 98069906</subfield></datafield><datafield ind1="1" ind2="4" tag="780"><subfield code="t">Hickman County herald</subfield></datafield></record>